@article{cobb2011teaching,
  title={Teaching statistics: Some important tensions},
  author={Cobb, George W},
  journal={Chilean Journal of Statistics},
  volume={2},
  number={1},
  pages={31--62},
  year={2011},
  note={Преподавание эконометрики, последовательность изложения, геометрический смысл.}
}

@misc{panchenko2005statistics,
  title={18.650 Statistics for Applications (Fall 2006)},
  author={Dmitry Panchenko},
  year={2005},
  publisher={MIT OpenCourseWare},
  url={https://ocw.mit.edu/courses/mathematics/18-443-statistics-for-applications-fall-2006/},
  note={Отличный курс по статистике. В более поздних версиях вместо заметок к лекциям появились слайды. Симпатичнее, но некоторые доказательства в них исчезли.}
}
