
@book{achen1982interpreting,
  title={Interpreting and using regression},
  author={Achen, Christopher H},
  volume={29},
  year={1982},
  publisher={Sage}
}


@book{good2012common,
  title={Common errors in statistics (and how to avoid them)},
  author={Good, Phillip I and Hardin, James W},
  year={2012},
  publisher={John Wiley \& Sons}
}

@article{johnson2004history,
  title={History and use of relative importance indices in organizational research},
  author={Johnson, Jeff W and LeBreton, James M},
  journal={Organizational Research Methods},
  volume={7},
  number={3},
  pages={238--257},
  year={2004},
  publisher={Sage Publications}
}

@article{jonston1997econometric,
  title={Econometric methods},
  author={Jonston, Jack and DiNardo, John},
  year={1997},
  publisher={McGraw-Hill}
}


@book{mitchell2012interpreting,
  title={Interpreting and visualizing regression models using Stata},
  author={Mitchell, Michael N and Press, Stata},
  year={2012},
  publisher={Stata Press College Station, TX}
}


@article{nathans2012interpreting,
  title={Interpreting multiple linear regression: A guidebook of variable importance},
  author={Nathans, Laura L and Oswald, Frederick L and Nimon, Kim},
  journal={Practical Assessment, Research \& Evaluation},
  volume={17},
  number={9},
  pages={1--19},
  year={2012},
  url={http://pareonline.net/getvn.asp?v=17&n=9},
  publisher={Dr. Lawrence M. Rudner}
}


@article{soofi2000framework,
  title={A framework for measuring the importance of variables with applications to management research and decision models*},
  author={Soofi, Ehsan S and Retzer, Joseph J and Yasai-Ardekani, Masoud},
  journal={Decision Sciences},
  volume={31},
  number={3},
  pages={595--625},
  year={2000},
  publisher={Wiley Online Library}
}

@article{newbold2007statistics,
  title={Statistics for Business and Economics.},
  author={Newbold, Paul and Carlson, William L, Betty Thorne},
  year={2007},
  publisher={Prentice-Hall}
}

@article{kruskal1984concepts,
  title={Concepts of relative importance},
  author={Kruskal, William},
  journal={Questii{\'o}: Quaderns d'Estad{\'\i}stica, Sistemes, Informatica i Investigaci{\'o} Operativa},
  volume={8},
  number={1},
  pages={39--45},
  year={1984},
  publisher={Universitat Polit{\`e}cnica de Catalunya}
}
